@article{Barger,
title = "Superheavy particle origin of IceCube PeV neutrino events ",
journal = "Physics Letters B ",
volume = "727",
number = "1â€“3",
pages = "190 - 193",
year = "2013",
note = "",
issn = "0370-2693",
doi = "http://dx.doi.org/10.1016/j.physletb.2013.10.021",
url = "http://www.sciencedirect.com/science/article/pii/S0370269313008149",
author = "Vernon Barger and Wai-Yee Keung"
}
@article{Anchordoqui,
title = {Probing leptoquark production at IceCube},
author = {Anchordoqui, Luis A. and Garc\'{\i}a Canal, Carlos A. and Goldberg, Haim and Gomez Dumm, Daniel and Halzen, Francis},
journal = {Phys. Rev. D},
volume = {74},
issue = {12},
pages = {125021},
numpages = {6},
year = {2006},
month = {Dec},
publisher = {American Physical Society},
doi = {10.1103/PhysRevD.74.125021},
url = {http://link.aps.org/doi/10.1103/PhysRevD.74.125021}
}
@article{Dutta,
  title = {Leptoquark implication from the CMS and IceCube experiments},
  author = {Dutta, Bhaskar and Gao, Yu and Li, Tianjun and Rott, Carsten and Strigari, Louis E.},
  journal = {Phys. Rev. D},
  volume = {91},
  issue = {12},
  pages = {125015},
  numpages = {6},
  year = {2015},
  month = {Jun},
  publisher = {American Physical Society},
  doi = {10.1103/PhysRevD.91.125015},
  url = {http://link.aps.org/doi/10.1103/PhysRevD.91.125015}
}
@article{Gandhi,
title = "Ultrahigh-energy neutrino interactions ",
journal = "Astroparticle Physics ",
volume = "5",
number = "2",
pages = "81 - 110",
year = "1996",
note = "",
issn = "0927-6505",
doi = "http://dx.doi.org/10.1016/0927-6505(96)00008-4",
url = "http://www.sciencedirect.com/science/article/pii/0927650596000084",
author = "Raj Gandhi and Chris Quigg and Mary Hall Reno and Ina Sarcevic",
keywords = "Neutrino astronomy",
keywords = "Neutrino-nucleon scattering",
keywords = "Neutrino-electron scattering "
}
